@online{chang_lin, title={LIBSVM : a library for support vector machines}, url={https://www.csie.ntu.edu.tw/~cjlin/libsvmtools/datasets/}, journal={LIBSVM Data: Classification, Regression, and Multi-label}, author={Chang, Chih-Chung and Lin, Chih-Jen}}